@comment{

Este es el archivo de referencias bibliogr'aficas, que incluye tambi'en algunos
ejemplos de c'omo capturar la informaci'on de tus referencias.

Algunas de las referencias m'as comunes son art'iculos de revista,
estos se escriben como se muestra acontinuaci'on. Nota que los nombres
de los autores se separan siempre por la palabra " and ", *incluso* si el
documento de tesis est'a escrito en espa~nol. El sistema cambiara ese "and"
por el apropiado "y".

}

@book{SIG,
	Author = {Jos\'e Miguel Santos Preciado},
	Title = {Sistemas de Informaci'on Geogr'afica},
	Year = 2004}

@book{FSIG,
	Author = {Gustavo D. Buzai / Claudia A. Baxendale /  Mar\'ia del Rosario Cruz},
	Title = {Fases de un proyecto de Investigaci\'on en estudios de Geograf\'ia Aplicada basados en el uso de Sistemas de Informaci\'on Geogr\'afica },
	Year = 2000}

@online{mapa,
	title ="Consultado el 15 de junio de 2022",
	author = "Qu'e es un mapa",
	url = "https://www.significados.com/mapa/",
}

@book{robert,
	Author = {Roger Frank},
	Title = { The application of electronic computing methods and techniques to the storage, compilation, and assessment of mapped data},
	Year = 1974}

@book{iot,
	Author = {Alexander Gillis},
	Title = { What is internet of things},
	Year = 2021}

@online{webGis,
	title ="Consultado el 16 de junio de 2022",
	author = "Web GIS and Open Source GIS Servers",
	url = "https://www.igismap.com/web-gis-application-development-and-gis-servers/",
}

@online{tematico,
	title ="Consultado el 16 de junio de 2022",
	author = "Mapas tem'aticos",
	url = "http://pdi.topografia.upm.es/mab/tematica/htmls/inicial.html",
}

@book{MP,
	Author = {Ferjan Ormeling},
	Title = {Mapas tem'aticos },
	Year = 1996}

@book{OO,
	Author = {Bertrand Meyer},
	Title = {Object-Oriented Software Construction },
	Year = 1988}

@book{solid,
	Author = {Bipin Joshi Beginning},
	Title = {SOLID Principles and Design Patterns for ASP.NET Developers},
	Year = 2016}

@book{aspnet,
	Author = {Jamie Kurtz},
	Title = {ASP.NET MVC4 and the Web API},
	Year = 2013}

@online{iis,
	title ="Consultado el 16 de junio de 2022",
	author = "Sitio Oficial de Windows",
	url = "https://www.iis.net/",
}

@book{netcore,
	Author = {Dustin Metzgar},
	Title = {NET Core in Action},
	Year = 2018}

@online{wms,
	title ="Consultado el 16 de junio de 2022",
	author = "Geomapik Official Site",
	url = "https://geomapik.com/webmapping-gis/estandaresogc-wms-wmtswfs-wcs/",
}

@book{histTematico,
	Author = {Jos'e Ricardo Manzo Yanangomez},
	Title = {Los mapas tem'aticos y su apliaci'on como estrategia did'actica para la ense~nanza de la Geograf'ia F'isica en el nivel escolar},
	Year = 2020}

@book{sigTematico,
	Author = {Paula Andrea Fern'andez / David Alejandro Muoz},
	Title = {Implementaci'on de los Sistemas
de Informaci'on Geogr'afica SIG para la elaboraci'on de mapas tem'aticos
ambientales en el Municipio de Santander de Quilichao},
	Year = 2019}


